@article{Tuckman,
  title={Developmental sequence in small groups.},
  author={Tuckman, Bruce W},
  journal={Psychological bulletin},
  volume={63},
  number={6},
  pages={384},
  year={1965},
  publisher={American Psychological Association}}

@inproceedings{moon2017comparison,
  title={Comparison of Gambling Industry through Study Analysis in the World},
  author={Moon, HyeJung and Yang, Thomas and Kim, SungKyung and Park, JangHo},
  booktitle={Big Data (BigData Congress), 2017 IEEE International Congress on},
  pages={537--540},
  year={2017},
  organization={IEEE}
}

@article{Casino2014Kath,
  title={How Casinos Use Design Psychology to Get You to Gamble More},
  author={Katharine Trendacosta},
  url={https://io9.gizmodo.com/how-casinos-use-design-psychology-to-get-you-to-gamble-1667182023},
  year = {2014},
  urldate = {27/09/2017}
}

@article{game2012accessability,
  title={How Casinos Use Design Psychology to Get You to Gamble More},
  author={NPD},
  url={https://www.npd.com/wps/portal/npd/us/news/infographics/2016/digging-into-pc-and-video-game-purchasing-for-dlc-and-microtransactions/},
  year = {2014},
  urldate = {27/09/2017}
}

@article{game2012accessability,
  title={How Casinos Use Design Psychology to Get You to Gamble More},
  author={Katharine Trendacosta},
  url=https://www.npd.com/lps/pdf/Toys-KidsAtPlay.pdf},
  year = {2014},
  urldate = {27/09/2017}
}

@article{game2012accessability,
  title={How Casinos Use Design Psychology to Get You to Gamble More},
  author={Katharine Trendacosta},
  url={https://io9.gizmodo.com/how-casinos-use-design-psychology-to-get-you-to-gamble-1667182023},
  year = {2014},
  urldate = {27/09/2017}
}

